@book{chomsky:1968,
	title = {The sound pattern of English},
	publisher = {MIT Press},
	author = {Chomsky, N. \& Halle, M.},
	year = {1968/1991},
}

@article{Pinker:1988,
	author = {Pinker, S. and Prince, A.},
	title = {On language and connectionism: Analysis of a parallel distributed
    processing model of language acquisition},
	journal = {Cognition},
	year = {1988},
	volume = {28},
	pages = {73-193},
	number = {2},
	month = {March},
}

@article{Albright2003RulesVA,
  title={Rules vs. analogy in English past tenses: a computational/experimental study},
  author={Albright, A. \& Hayes, B.},
  journal={Cognition},
  year={2003},
  volume={90},
  pages={119-161}
}

@article{kirov:2018,
	author = {Christo Kirov and Ryan Cotterell},
	title = {Recurrent neural networks in linguistic theory: Revisiting Pinker
and Prince (1988) and the past tense debate.},
	journal = {Transactions of the Association for Computational Linguistics},
	year = {2018},
	pages = { 6:651â€“665},

}